<record><leader>00000cas a22000007a 4500</leader><controlfield tag="001">13430472</controlfield><controlfield tag="008">860414d18431843pauwr ne      0    0eng d</controlfield><datafield ind1=" " ind2=" " tag="010"><subfield code="a">sn 86081293 </subfield></datafield><datafield ind1=" " ind2=" " tag="040"><subfield code="a">NPH</subfield><subfield code="b">eng</subfield><subfield code="c">NPH</subfield><subfield code="d">NPX</subfield><subfield code="d">OCLCQ</subfield><subfield code="d">DLC</subfield></datafield><datafield ind1=" " ind2=" " tag="042"><subfield code="a">msc</subfield></datafield><datafield ind1="0" ind2="0" tag="245"><subfield code="a">Mifflin County gazette.</subfield></datafield><datafield ind1=" " ind2=" " tag="260"><subfield code="a">Lewistown, Pa. :</subfield><subfield code="b">Wm. Ross,</subfield><subfield code="c">-1843.</subfield></datafield><datafield ind1=" " ind2=" " tag="300"><subfield code="a">v.</subfield></datafield><datafield ind1=" " ind2=" " tag="310"><subfield code="a">Weekly</subfield></datafield><datafield ind1="1" ind2=" " tag="362"><subfield code="a">Began in 1843.</subfield><subfield code="z">Cf. Hist. of ... the Susquehanna and Juniata Valleys ... Pa., 1886.</subfield></datafield><datafield ind1="0" ind2=" " tag="362"><subfield code="a">-new ser., v. 2, no. 17 (Nov. 11, 1843).</subfield></datafield><datafield ind1=" " ind2=" " tag="588"><subfield code="a">Description based on: Oct. 7, 1843.</subfield></datafield><datafield ind1=" " ind2=" " tag="752"><subfield code="a">United States</subfield><subfield code="b">Pennsylvania</subfield><subfield code="c">Mifflin</subfield><subfield code="d">Lewistown.</subfield></datafield><datafield ind1="0" ind2="0" tag="780"><subfield code="t">Mifflin County gazette, and farmers' and mechanics' journal</subfield><subfield code="w">(DLC)sn 86081294</subfield></datafield><datafield ind1="0" ind2="0" tag="785"><subfield code="t">Lewistown gazette</subfield><subfield code="x">2376-3485</subfield><subfield code="w">(DLC)sn 83032276</subfield><subfield code="w">(OCoLC)10227212</subfield></datafield><datafield ind1="1" ind2=" " tag="029"><subfield code="a">AU@</subfield><subfield code="b">000023535768</subfield></datafield></record>